@BOOK {deitel,
    author    = {H.M. Deitel, P.J. Deitel},
    title     = "Como programar en C/C++",
    publisher = "Prentice Hall Hispanoamericana, S.A.",
    year      = "1995",
    edition   = "second"
}
@BOOK {bjarneC++,
    author    = {Bjarne Stroustrup},
    title     = "The C++ Programming Language",
    publisher = "Pearson Education, Inc.",
    year      = "2013",
    edition   = "fourth"
}
@BOOK {make,
    author    = {Richard M. Stallman, Roland McGrath, Paul D. Smith},
    title     = "GNU Make Manual",
    publisher = "Free Software Foundation",
    year      = "2020",
    edition   = "0.75"
}
@manual{atmega328Datasheet,
  title = "Atmega328P 8-bit AVR Microcontroller with 32K Bytes In-System Programmable Flash",
  organization = "Atmel Corporation",
  number = "710D-AVR-01/15",
  year = "2015"
}
